<record><leader>00000cas a22000007a 4500</leader><controlfield tag="001">24071995</controlfield><controlfield tag="008">910715d19601960nhuwr ne      0    0eng d</controlfield><datafield ind1=" " ind2=" " tag="010"><subfield code="a">sn 90062595 </subfield></datafield><datafield ind1=" " ind2=" " tag="040"><subfield code="a">NVH</subfield><subfield code="b">eng</subfield><subfield code="c">NVH</subfield><subfield code="d">OCLCQ</subfield></datafield><datafield ind1="0" ind2="0" tag="245"><subfield code="a">Hillsborough messenger Antrim reporter Henniker courier Weare sentinel.</subfield></datafield><datafield ind1=" " ind2=" " tag="260"><subfield code="a">Hillsborough, N.H. :</subfield><subfield code="b">Messenger Pub. and Print.</subfield></datafield><datafield ind1=" " ind2=" " tag="300"><subfield code="a">v.</subfield></datafield><datafield ind1=" " ind2=" " tag="310"><subfield code="a">Weekly</subfield></datafield><datafield ind1="0" ind2=" " tag="362"><subfield code="a">Vol. 92, no. 34 (Aug. 25, 1960)-v. 92, no. 49 (Dec. 8, 1960).</subfield></datafield><datafield ind1=" " ind2=" " tag="752"><subfield code="a">United States</subfield><subfield code="b">New Hampshire</subfield><subfield code="c">Hillsborough</subfield><subfield code="d">Hillsborough.</subfield></datafield><datafield ind1="0" ind2="0" tag="780"><subfield code="t">Hillsborough messenger tri-town yankee Henniker courier and Antrim reporter</subfield><subfield code="w">(DLC)sn 90062594</subfield></datafield><datafield ind1="0" ind2="7" tag="785"><subfield code="t">Kearsarge independent (Warner, N.H. : 1926)</subfield><subfield code="w">(DLC)sn 90062246</subfield></datafield><datafield ind1="0" ind2="7" tag="785"><subfield code="t">Hillsborough messenger Kearsarge independent</subfield><subfield code="w">(DLC)sn 90062596</subfield></datafield></record>